@article{Domingo2012AnThings,
    title = {{An overview of the internet of underwater things}},
    year = {2012},
    journal = {Journal of Network and Computer Applications},
    author = {Domingo, Mari Carmen},
    number = {6},
    month = {11},
    pages = {1879--1890},
    volume = {35},
    publisher = {Academic Press},
    url = {https://linkinghub.elsevier.com/retrieve/pii/S1084804512001646},
    doi = {10.1016/j.jnca.2012.07.012},
    issn = {10848045},
    keywords = {Applications, Architecture, Internet of underwater things, Research challenges}
}

@misc{Fiskeoppdrett,
    title = {{Fiskeoppdrett}},
    url = {https://miljostatus.miljodirektoratet.no/tema/hav-og-kyst/fiskeoppdrett/}
}

@article{VonStumberg2017FromExploration,
    title = {{From monocular SLAM to autonomous drone exploration}},
    year = {2017},
    journal = {2017 European Conference on Mobile Robots, ECMR 2017},
    author = {Von Stumberg, Lukas and Usenko, Vladyslav and Engel, Jakob and Stuckler, Jorg and Cremers, Daniel},
    month = {11},
    publisher = {Institute of Electrical and Electronics Engineers Inc.},
    isbn = {9781538610961},
    doi = {10.1109/ECMR.2017.8098709},
    arxivId = {1609.07835}
}

@misc{HavbasertASA,
    title = {{Havbasert fiskeoppdrett - SalMar ASA}},
    url = {https://www.salmar.no/havbasert-fiskeoppdrett-en-ny-aera/}
}

@misc{HywindEquinor,
    title = {{Hywind Tampen - Equinor}},
    url = {https://www.equinor.com/energy/hywind-tampen}
}

@misc{LAUVNTNU,
    title = {{LAUV Fridtjof - NTNU}},
    url = {https://www.ntnu.edu/aur-lab/lauv-fridtjof}
}

@techreport{Oceans2050,
    title = {{Ocean’s Future to 2050}},
    url = {https://www.dnv.com/oceansfuture},
    institution = {DNV}
}

@article{Hidalgo2015ReviewTechniques,
    title = {{Review of underwater SLAM techniques}},
    year = {2015},
    journal = {ICARA 2015 - Proceedings of the 2015 6th International Conference on Automation, Robotics and Applications},
    author = {Hidalgo, Franco and Braunl, Thomas},
    month = {4},
    pages = {306--311},
    publisher = {Institute of Electrical and Electronics Engineers Inc.},
    isbn = {9781479964666},
    doi = {10.1109/ICARA.2015.7081165},
    keywords = {AUV, Extended Kalman Filter (EKF), FastSLAM, GraphSLAM, Particle Filter (PF), Simultaneous Localization and Mapping (SLAM), Underwater Vehicle}
}

@article{Leblond2019SonarProject,
    title = {{Sonar image registration for swarm AUVs navigation: Results from SWARMs project}},
    year = {2019},
    journal = {Journal of Computational Science},
    author = {Leblond, Isabelle and Tauvry, Sébastien and Pinto, Marc},
    month = {9},
    pages = {101021},
    volume = {36},
    publisher = {Elsevier},
    url = {https://linkinghub.elsevier.com/retrieve/pii/S1877750318307786},
    doi = {10.1016/j.jocs.2019.07.008},
    issn = {18777503},
    keywords = {AUV localization, Image registration, Landmark matching, Shadow detection, Sidescan sonar}
}

@article{Nicholson2008TheTechnologies,
    title = {{The Present State of Autonomous Underwater Vehicle (AUV) Applications and Technologies}},
    year = {2008},
    journal = {Marine Technology Society Journal},
    author = {Nicholson, J. W. and Healey, A. J.},
    number = {1},
    month = {3},
    pages = {44--51},
    volume = {42},
    publisher = {Marine Technology Society},
    doi = {10.4031/002533208786861272},
    issn = {00253324}
}

@misc{UnderstandingTechnology,
    title = {{Understanding the impact of deep-sea mining | MIT News | Massachusetts Institute of Technology}},
    url = {https://news.mit.edu/2019/understanding-impact-deep-sea-mining-1206}
}

@inproceedings{Wang2017UnderwaterSonar,
    title = {{Underwater localization and 3D mapping of submerged structures with a single-beam scanning sonar}},
    year = {2017},
    booktitle = {2017 IEEE International Conference on Robotics and Automation (ICRA)},
    author = {Wang, Jinkun and Bai, Shi and Englot, Brendan},
    month = {5},
    pages = {4898--4905},
    publisher = {IEEE},
    url = {http://ieeexplore.ieee.org/document/7989567/},
    isbn = {978-1-5090-4633-1},
    doi = {10.1109/ICRA.2017.7989567},
    issn = {10504729}
}

@article{Bogue2015UnderwaterApplications,
    title = {{Underwater robots: A review of technologies and applications}},
    year = {2015},
    journal = {Industrial Robot},
    author = {Bogue, Robert},
    number = {3},
    month = {5},
    pages = {186--191},
    volume = {42},
    publisher = {Emerald Group Holdings Ltd.},
    doi = {10.1108/IR-01-2015-0010/FULL/PDF},
    issn = {0143991X},
    keywords = {Autonomous underwater vehicle, Defence, Offshore industries, Remotely operated vehicle, Robot}
}